@misc{simulink,
  title = {Error Detection and Correction},
  howpublished = {\url{https://www.mathworks.com/help/comm/ug/error-detection-and-correction.html}},
  note = {Accessed: 2018-07-23}
}